<?xml version="1.0" encoding="UTF-8"?><collection xmlns="http://www.loc.gov/MARC21/slim"><record><leader>00667nam--2200193-u-4500</leader><controlfield tag="001">000055584</controlfield><controlfield tag="002">20161230</controlfield><controlfield tag="005">20161230201052</controlfield><controlfield tag="008">130227s1000------------r-----000-0-eng-d</controlfield><datafield ind1=" " ind2=" " tag="040"><subfield code="a">IFIN-HH</subfield></datafield><datafield ind1=" " ind2=" " tag="080"><subfield code="a">413.232</subfield></datafield><datafield ind1="1" ind2=" " tag="100"><subfield code="a">Rose, G</subfield></datafield><datafield ind1="1" ind2="0" tag="245"><subfield code="a">Nouveau dictionnaire des langues francaise et allemande avec une liste des noms propres dont l'orthographe differe de l'allemand et un table des vrebes irreguliers</subfield><subfield code="b">Neues worterbuch der deutschen sprache</subfield><subfield code="c">G. rose</subfield></datafield><datafield ind1=" " ind2=" " tag="250"><subfield code="a">Septieme Edition</subfield></datafield><datafield ind1=" " ind2=" " tag="260"><subfield code="a">Berlin</subfield><subfield code="b">Schreiter Editeur</subfield><subfield code="c">/F.An</subfield></datafield><datafield ind1=" " ind2=" " tag="300"><subfield code="a">2 VOL</subfield></datafield><datafield ind1="1" ind2=" " tag="787"><subfield code="a">Vol. Ii. Partie Allemande</subfield><subfield code="h">424p</subfield></datafield><datafield ind1=" " ind2=" " tag="852"><subfield code="a">D.59</subfield><subfield code="c">SLCH</subfield></datafield><datafield ind1=" " ind2=" " tag="CAT"><subfield code="a">Sys</subfield><subfield code="c">20130227</subfield><subfield code="h">161650</subfield></datafield></record></collection>